@inproceedings{pennington2014glove,
  title={Glove: Global vectors for word representation},
  author={Pennington, Jeffrey and Socher, Richard and Manning, Christopher},
  booktitle={Proceedings of the 2014 conference on empirical methods in natural language processing (EMNLP)},
  pages={1532--1543},
  year={2014}
}


@article{mikolov2013efficient,
  title={Efficient estimation of word representations in vector space},
  author={Mikolov, Tomas and Chen, Kai and Corrado, Greg and Dean, Jeffrey},
  journal={arXiv preprint arXiv:1301.3781},
  year={2013}
}

@misc{liwc2015,
	Author = {Pennebaker, James W and Booth, Roger J and Boyd, RL and Francis, Martha E},
	Date-Added = {2021-08-02 09:37:28 -0400},
	Date-Modified = {2021-08-02 09:37:28 -0400},
	Note = {www.liwc.net},
	Publisher = {Pennebaker Conglomerates, Austin, TX},
	Title = {Linguistic Inquiry and Word Count: LIWC 2015},
	Year = {2015}}


@article{crossley2016taaco,
	Author = {Crossley, Scott A and Kyle, Kristopher and McNamara, Danielle S},
	Date-Added = {2021-08-02 09:37:28 -0400},
	Date-Modified = {2021-08-02 09:37:28 -0400},
	Journal = {Behavior research methods},
	Number = {4},
	Pages = {1227--1237},
	Title = {The tool for the automatic analysis of text cohesion (TAACO): Automatic assessment of local, global, and text cohesion},
	Volume = {48},
	Year = {2016}}

@article{crossley2017sentiment,
	Author = {Crossley, Scott A and Kyle, Kristopher and McNamara, Danielle S},
	Date-Added = {2021-08-02 09:37:28 -0400},
	Date-Modified = {2021-08-02 09:37:28 -0400},
	Journal = {Behavior research methods},
	Number = {3},
	Pages = {803--821},
	Publisher = {Springer},
	Title = {Sentiment Analysis and Social Cognition Engine (SEANCE): An automatic tool for sentiment, social cognition, and social-order analysis},
	Volume = {49},
	Year = {2017}}

